<record><leader>00000cas a22000007a 4500</leader><controlfield tag="001">15794405</controlfield><controlfield tag="008">870601d19871987nyuwr ne      0   a0eng d</controlfield><datafield ind1=" " ind2=" " tag="010"><subfield code="a">sn 87002673 </subfield></datafield><datafield ind1=" " ind2=" " tag="040"><subfield code="a">NSD</subfield><subfield code="b">eng</subfield><subfield code="c">NSD</subfield><subfield code="d">NYS</subfield><subfield code="d">OCLCQ</subfield></datafield><datafield ind1=" " ind2=" " tag="012"><subfield code="j">0</subfield><subfield code="m">d</subfield></datafield><datafield ind1="1" ind2=" " tag="022"><subfield code="a">0894-0584</subfield><subfield code="l">0894-0584</subfield><subfield code="2">1</subfield></datafield><datafield ind1=" " ind2=" " tag="042"><subfield code="a">nsdp</subfield></datafield><datafield ind1="0" ind2=" " tag="130"><subfield code="a">Mid-island herald (Mineola, N.Y.)</subfield></datafield><datafield ind1=" " ind2="0" tag="222"><subfield code="a">Mid-island herald</subfield><subfield code="b">(Plainview-Old Bethpage ed.)</subfield></datafield><datafield ind1="1" ind2="0" tag="245"><subfield code="a">Mid-island herald.</subfield></datafield><datafield ind1="1" ind2="7" tag="246"><subfield code="a">Mid-island Plainview herald</subfield></datafield><datafield ind1=" " ind2=" " tag="260"><subfield code="a">Mineola, N.Y. :</subfield><subfield code="b">Anton Community Newspapers of Long Island,</subfield><subfield code="c">1987.</subfield></datafield><datafield ind1=" " ind2=" " tag="300"><subfield code="a">1 v.</subfield></datafield><datafield ind1=" " ind2=" " tag="310"><subfield code="a">Weekly</subfield></datafield><datafield ind1="0" ind2=" " tag="362"><subfield code="a">Vol. 37, no. 34 (Jan. 23, 1987)-v. 37, no. 39 (Feb. 27, 1987).</subfield></datafield><datafield ind1=" " ind2="4" tag="651"><subfield code="a">Hicksville (N.Y.)</subfield><subfield code="v">Newspapers.</subfield></datafield><datafield ind1=" " ind2="4" tag="651"><subfield code="a">Plainview (N.Y.)</subfield><subfield code="v">Newspapers.</subfield></datafield><datafield ind1=" " ind2="4" tag="651"><subfield code="a">Mineola (N.Y.)</subfield><subfield code="v">Newspapers.</subfield></datafield><datafield ind1=" " ind2="4" tag="651"><subfield code="a">Nassau County (N.Y.)</subfield><subfield code="v">Newspapers.</subfield></datafield><datafield ind1=" " ind2=" " tag="752"><subfield code="a">United States</subfield><subfield code="b">New York</subfield><subfield code="c">Nassau</subfield><subfield code="d">Mineola.</subfield></datafield><datafield ind1=" " ind2=" " tag="752"><subfield code="a">United States</subfield><subfield code="b">New York</subfield><subfield code="c">Nassau</subfield><subfield code="d">Hicksville.</subfield></datafield><datafield ind1="0" ind2="0" tag="780"><subfield code="a">Mid-island &amp; Plainview herald (Hicksville, N.Y. : 1980 : Plainview-Old Bethpage ed.)</subfield><subfield code="w">(DLC)sn 94061050</subfield><subfield code="w">(OCoLC)31603020</subfield></datafield><datafield ind1="0" ind2="0" tag="785"><subfield code="t">Plainview-Old Bethpage mid-island herald</subfield><subfield code="w">(DLC)sn 95071017</subfield><subfield code="w">(OCoLC)31603133</subfield></datafield><datafield ind1="1" ind2=" " tag="029"><subfield code="a">AU@</subfield><subfield code="b">000025830038</subfield></datafield></record>